<?xml version="1.0" encoding="UTF-8"?><collection xmlns="http://www.loc.gov/MARC21/slim"><record><leader>00316nam--2200133-i-4500</leader><controlfield tag="001">000027207</controlfield><controlfield tag="002">20161230</controlfield><controlfield tag="005">20161230201036</controlfield><controlfield tag="008">060222s1000------------r-----000-0-eng-d</controlfield><datafield ind1=" " ind2=" " tag="080"><subfield code="a">530.1</subfield></datafield><datafield ind1=" " ind2=" " tag="100"><subfield code="a">Kompaneyets, A. S</subfield></datafield><datafield ind1=" " ind2=" " tag="245"><subfield code="a">Theoretical physics</subfield></datafield><datafield ind1=" " ind2=" " tag="260"><subfield code="a">Moscow, Peace Publichers, 1961. 616p</subfield></datafield><datafield ind1=" " ind2=" " tag="852"><subfield code="a">28491</subfield></datafield></record></collection>